@article{bandler1975structure,
  title={Structure of Magic: A Book about Language \& Therapy, Science and Behaviour Books},
  author={Bandler, Richard and Grinder, John},
  journal={Palo Alto, CA},
  year={1975}
}

@book{o2011introducing,
  title={Introducing NLP: Psychological skills for understanding and influencing people},
  author={O'Connor, Joseph and Seymour, John},
  year={2011},
  publisher={Conari Press}
}

@inproceedings{asaduzzaman2013answering,
  title={Answering questions about unanswered questions of stack overflow},
  author={Asaduzzaman, Muhammad and Mashiyat, Ahmed Shah and Roy, Chanchal K and Schneider, Kevin A},
  booktitle={Proceedings of the 10th Working Conference on Mining Software Repositories},
  pages={97--100},
  year={2013},
  organization={IEEE Press}
}

@inproceedings{artzi2011bootstrapping,
  title={Bootstrapping semantic parsers from conversations},
  author={Artzi, Yoav and Zettlemoyer, Luke},
  booktitle={Proceedings of the conference on empirical methods in natural language processing},
  pages={421--432},
  year={2011},
  organization={Association for Computational Linguistics}
}

@inproceedings{DBLP:conf/sigdial/LowePSP15,
  author    = {Ryan Lowe and
               Nissan Pow and
               Iulian Serban and
               Joelle Pineau},
  title     = {The Ubuntu Dialogue Corpus: {A} Large Dataset for Research in Unstructured
               Multi-Turn Dialogue Systems},
  booktitle = {Proceedings of the {SIGDIAL} 2015 Conference, The 16th Annual Meeting
               of the Special Interest Group on Discourse and Dialogue, 2-4 September
               2015, Prague, Czech Republic},
  pages     = {285--294},
  year      = {2015},
  crossref  = {DBLP:conf/sigdial/2015},
  url       = {http://aclweb.org/anthology/W/W15/W15-4640.pdf},
  timestamp = {Thu, 01 Sep 2016 12:58:49 +0200},
  biburl    = {http://dblp.uni-trier.de/rec/bib/conf/sigdial/LowePSP15},
  bibsource = {dblp computer science bibliography, http://dblp.org}
}

@article{DBLP:journals/corr/BahdanauCB14,
  author    = {Dzmitry Bahdanau and
               Kyunghyun Cho and
               Yoshua Bengio},
  title     = {Neural Machine Translation by Jointly Learning to Align and Translate},
  journal   = {CoRR},
  volume    = {abs/1409.0473},
  year      = {2014},
  url       = {http://arxiv.org/abs/1409.0473},
  timestamp = {Wed, 01 Oct 2014 15:00:04 +0200},
  biburl    = {http://dblp.uni-trier.de/rec/bib/journals/corr/BahdanauCB14},
  bibsource = {dblp computer science bibliography, http://dblp.org}
}

@inproceedings{DBLP:conf/emnlp/LuongPM15,
  author    = {Thang Luong and
               Hieu Pham and
               Christopher D. Manning},
  title     = {Effective Approaches to Attention-based Neural Machine Translation},
  booktitle = {Proceedings of the 2015 Conference on Empirical Methods in Natural
               Language Processing, {EMNLP} 2015, Lisbon, Portugal, September 17-21,
               2015},
  pages     = {1412--1421},
  year      = {2015},
  crossref  = {DBLP:conf/emnlp/2015},
  url       = {http://aclweb.org/anthology/D/D15/D15-1166.pdf},
  timestamp = {Wed, 14 Oct 2015 09:56:24 +0200},
  biburl    = {http://dblp.uni-trier.de/rec/bib/conf/emnlp/LuongPM15},
  bibsource = {dblp computer science bibliography, http://dblp.org}
}

@article{DBLP:journals/corr/YaoPZW16,
  author    = {Kaisheng Yao and
               Baolin Peng and
               Geoffrey Zweig and
               Kam{-}Fai Wong},
  title     = {An Attentional Neural Conversation Model with Improved Specificity},
  journal   = {CoRR},
  volume    = {abs/1606.01292},
  year      = {2016},
  url       = {http://arxiv.org/abs/1606.01292},
  timestamp = {Fri, 01 Jul 2016 17:39:49 +0200},
  biburl    = {http://dblp.uni-trier.de/rec/bib/journals/corr/YaoPZW16},
  bibsource = {dblp computer science bibliography, http://dblp.org}
}

@inproceedings{DBLP:conf/icml/XuBKCCSZB15,
  author    = {Kelvin Xu and
               Jimmy Ba and
               Ryan Kiros and
               Kyunghyun Cho and
               Aaron C. Courville and
               Ruslan Salakhutdinov and
               Richard S. Zemel and
               Yoshua Bengio},
  title     = {Show, Attend and Tell: Neural Image Caption Generation with Visual
               Attention},
  booktitle = {Proceedings of the 32nd International Conference on Machine Learning,
               {ICML} 2015, Lille, France, 6-11 July 2015},
  pages     = {2048--2057},
  year      = {2015},
  crossref  = {DBLP:conf/icml/2015},
  url       = {http://jmlr.org/proceedings/papers/v37/xuc15.html},
  timestamp = {Tue, 12 Jul 2016 21:51:15 +0200},
  biburl    = {http://dblp.uni-trier.de/rec/bib/conf/icml/XuBKCCSZB15},
  bibsource = {dblp computer science bibliography, http://dblp.org}
}

@article{DBLP:journals/corr/KadlecSK15,
  author    = {Rudolf Kadlec and
               Martin Schmid and
               Jan Kleindienst},
  title     = {Improved Deep Learning Baselines for Ubuntu Corpus Dialogs},
  journal   = {CoRR},
  volume    = {abs/1510.03753},
  year      = {2015},
  url       = {http://arxiv.org/abs/1510.03753},
  timestamp = {Sun, 01 Nov 2015 17:30:45 +0100},
  biburl    = {http://dblp.uni-trier.de/rec/bib/journals/corr/KadlecSK15},
  bibsource = {dblp computer science bibliography, http://dblp.org}
}

@inproceedings{DBLP:conf/acl/Costa-JussaF16,
  author    = {Marta R. Costa{-}Juss{\`{a}} and
               Jos{\'{e}} A. R. Fonollosa},
  title     = {Character-based Neural Machine Translation},
  booktitle = {Proceedings of the 54th Annual Meeting of the Association for Computational
               Linguistics, {ACL} 2016, August 7-12, 2016, Berlin, Germany, Volume
               2: Short Papers},
  year      = {2016},
  crossref  = {DBLP:conf/acl/2016-2},
  url       = {http://aclweb.org/anthology/P/P16/P16-2058.pdf},
  timestamp = {Tue, 16 Aug 2016 10:16:33 +0200},
  biburl    = {http://dblp.uni-trier.de/rec/bib/conf/acl/Costa-JussaF16},
  bibsource = {dblp computer science bibliography, http://dblp.org}
}

@inproceedings{DBLP:conf/eacl/LebretC14,
  author    = {R{\'{e}}mi Lebret and
               Ronan Collobert},
  title     = {Word Embeddings through Hellinger {PCA}},
  booktitle = {Proceedings of the 14th Conference of the European Chapter of the
               Association for Computational Linguistics, {EACL} 2014, April 26-30,
               2014, Gothenburg, Sweden},
  pages     = {482--490},
  year      = {2014},
  crossref  = {DBLP:conf/eacl/2014},
  url       = {http://aclweb.org/anthology/E/E14/E14-1051.pdf},
  timestamp = {Sun, 20 Jul 2014 13:45:31 +0200},
  biburl    = {http://dblp.uni-trier.de/rec/bib/conf/eacl/LebretC14},
  bibsource = {dblp computer science bibliography, http://dblp.org}
}